@misc{EComSurv14,
  title = {Eclipse Community Survey 2014 Results},
  howpublished = {\url{https://ianskerrett.wordpress.com/2014/06/23/eclipse-community-survey-2014-results/}},
  note = {Accessed: 2015-08-06}
}

@misc{OffGuide,
  title = {Distributed Git - Contributing to a Project - Commit-Guidelines},
  howpublished = {\url{https://git-scm.com/book/ch5-2.html#Commit-Guidelines}},
  note = {Accessed: 2015-08-06}
}

@misc{CB,
  title = {How to Write a Git Commit Message - The seven rules of a great git commit message},
  howpublished = {\url{http://chris.beams.io/posts/git-commit/#seven-rules}},
  note = {Accessed: 2015-08-24}
}

@misc{TP,
  title = {A Note About Git Commit Messages},
  howpublished = {\url{http://tbaggery.com/2008/04/19/a-note-about-git-commit-messages.html}},
  note = {Accessed: 2015-08-24}
}

@misc{SR,
  title = {Subsurface Readme},
  howpublished = {\url{https://github.com/torvalds/subsurface/blob/master/README#L87-L114}},
  note = {Accessed: 2015-08-24}
}
